@online{HexagonalArchitecture,
  author = {Roman Glushach},
  title = {Hexagonal Architecture: The Secret to Scalable and Maintainable Code for Modern Software},
  url = {https://romanglushach.medium.com/hexagonal-architecture-the-secret-to-scalable-and-maintainable-code-for-modern-software-d345fdb47347},
  urldate = {2024-05-02},
}

@online{FilosofiaEsagonaleMicroservizi,
  author = {Happy Coders},
  title = {Filosofia Esagonale e Microservizi},
  url = {https://www.happycoders.eu/software-craftsmanship/hexagonal-architecture/},
  urldate = {2024-05-02},
}

@online{PortAdapterPattern,
  author = {Kevin},
  title = {How to Implement Port and Adapters in Hexagonal Architecture with Java},
  url = {https://1kevinson.com/how-to-implement-port-and-adapters-in-hexagonal-architecture-with-java/},
  urldate = {2024-04-22},
}

@online{SpringBoot,
  title = {Spring Boot},
  url = {https://spring.io/projects/spring-boot},
  urldate = {2024-05-02},
}

@online{SpringKafka,
  title = {Spring Kafka},
  url = {https://docs.spring.io/spring-kafka/reference/index.html},
  urldate = {2024-05-02},
}

@online{TestingKafka,
  author = {Baeldung},
  title = {Testing Kafka},
  url = {https://www.baeldung.com/spring-boot-kafka-testing},
  urldate = {2024-05-02},
}

@online{InterfaceDrivenControllers,
  author = {Baeldung},
  title = {Interface Driven Controllers},
  url = {https://www.baeldung.com/spring-interface-driven-controllers},
  urldate = {2024-05-02},
}

@online{WebLayerTest,
  title = {Web Layer Test},
  url = {https://spring.io/guides/gs/testing-web},
  urldate = {2024-04-15},
}

@online{MockMvcIntegrationTests,
  author = {Baeldung},
  title = {MockMvc Integration Tests},
  url = {https://www.baeldung.com/integration-testing-in-spring},
  urldate = {2024-04-12},
}

@online{ObjectMapper,
  author = {Baeldung},
  title = {Object Mapper},
  url = {https://www.baeldung.com/jackson-object-mapper-tutorial},
  urldate = {2024-04-10},
}

@online{TestingJackson,
  author = {Arho Huttunen},
  title = {Testing Jackson},
  url = {https://www.arhohuttunen.com/spring-boot-jsontest/},
  urldate = {2024-04-29},
}

@online{H2DB,
  title = {H2 DB},
  url = {https://www.h2database.com/html/features.html#in_memory_databases},
  urldate = {2024-05-02},
}

@online{LoadInitialData,
  author = {Baeldung},
  title = {Guide on Loading Initial Data with Spring Boot},
  url = {https://www.baeldung.com/spring-boot-data-sql-and-schema-sql},
  urldate = {2024-05-03},
}

@online{JPAQueryAvanzate,
  author = {Baeldung},
  title = {Spring Data JPA @Query},
  url = {https://www.baeldung.com/spring-data-jpa-query},
  urldate = {2024-05-02},
}

@online{ContinuousIntegrationGithubActions,
  title = {Continuous Integration with GitHub Actions},
  url = {https://docs.github.com/en/actions/automating-builds-and-tests/about-continuous-integration},
  urldate = {2024-04-22},
}

@misc{kafdrop,
  title = {{Kafdrop}},
  author = {{Obsidian Dynamics}},
  howpublished = {\url{https://github.com/obsidiandynamics/kafdrop}},
  urldate = {2024-04-25},
}

@online{spring-data-jpa,
  title = {Spring Data JPA Reference Documentation},
  url = {https://docs.spring.io/spring-data/jpa/reference/},
  urldate = {2024-05-04},
}

@online{ModelMapperGettingStarted,
  author = {{ModelMapper}},
  title = {{ModelMapper - Getting Started}},
  url = {https://modelmapper.org/getting-started/},
  urldate = {2024-05-01}
}

@online{spring-rest,
  author       = {Spring},
  title        = {Building a RESTful Web Service},
  year         = {2024},
  url          = {https://spring.io/guides/gs/rest-service},
  urldate      = {2024-04-14}
}

@online{spring-mvc-test,
  author = {Pivotal Software, Inc.},
  title = {Spring MVC Test Framework},
  year = 2024,
  url = {https://docs.spring.io/spring-framework/reference/testing/spring-mvc-test-framework.html},
  urldate = {2024-05-05}
}

@online{polyrepo,
author = {joelparkhenderson},
title = {Monorepo vs. Polyrepo: architecture for source code management (SCM)},
url = {https://github.com/joelparkerhenderson/monorepo-vs-polyrepo?tab=readme-ov-file#what-is-polyrepo},
urldate = {2024-05-06}
}

@online{CDDocker,
author = {Sandro Pinna},
title = {Continuous Delivery \& Continuous Deployment: dal rilascio manuale a docker},
url = {https://newsroom.spindox.it/continuous-delivery-continuous-deployment-docker/},
urldate = {2024-05-06}
}

@online{DockerOverview,
  title = {Docker overview},
  url = {https://docs.docker.com/get-started/overview/},
  urldate = {2024-05-06}
}

@online{SOLID,
title = {SOLID Principles},
author = {Kevin Kouomeu},
url = {https://1kevinson.com/solid-principles-timeless-wisdom-on-building-high-quality-software/},
urldate = {2024-05-08} 
}



@online{halthcheck,
title={Health Indicators in Spring Boot},
author={Mona Mohamadinia, Baeldung},
url={https://www.baeldung.com/spring-boot-health-indicators},
urldate={2024-05-08}
}

@online{phoenixnap,
	title = {How to Install Python 3 on Windows},
	author = {{PhoenixNAP}},
	year = {2022},
	url = {https://phoenixnap.com/kb/how-to-install-python-3-windows},
	urldate = {2024-05-09}
}

@online{geeksforgeeks,
	title = {Indexed Priority Queue with Implementation},
	author = {{geeksforgeeks}},
	year = {2022},
	url = {https://www.geeksforgeeks.org/indexed-priority-queue-with-implementation/},
	urldate = {2022-11-29}
}

@online{jetbrains,
	title = {Checkstyle plugin for intelliJ IDE},
	author = {{Jamie Shiell}},
	year = {2020},
	url = {https://plugins.jetbrains.com/plugin/1065-checkstyle-idea},
	urldate = {2024-05-09}
}

@online{github-pages,
	title = {Creating a GitHub Pages site},
	url = {https://docs.github.com/en/pages/getting-started-with-github-pages/creating-a-github-pages-site},
	organization = {GitHub},
	year = {2024},
	note = {Accessed on May 9, 2024}
}

@online{googlecolab,
	title = {Google Colab},
	url = {https://colab.google/},
	urldate = {2024-05-14}
}

@online{princeton,
	title = {Index priority queue of princerton edu},
  author = {{Robert Sedgewick, Kevin Wayne}},
	url = {https://algs4.cs.princeton.edu/code/javadoc/edu/princeton/cs/algs4/IndexMinPQ.html},
	organization = {javadoc},
	year = {2012},
	note = {Accessed on May 9, 2024}
}